<collection xmlns="http://www.loc.gov/MARC21/slim">
<record>
  <leader>01346nam0a2200277 i 450 </leader>
  <controlfield tag="001">IT\ICCU\CNCE\060978</controlfield>
  <controlfield tag="005">20160309000000.0</controlfield>
  <datafield tag="012" ind1=" " ind2=" ">
    <subfield code="a">ioi- heen a-us nobu (C) 1520 (R)</subfield>
    <subfield code="2">fei</subfield>
  </datafield>
  <datafield tag="100" ind1=" " ind2=" ">
    <subfield code="a">20050823d1520        0itac0103    ba</subfield>
  </datafield>
  <datafield tag="101" ind1=" " ind2=" ">
    <subfield code="a">LAT</subfield>
  </datafield>
  <datafield tag="102" ind1=" " ind2=" ">
    <subfield code="a">IT</subfield>
  </datafield>
  <datafield tag="200" ind1="1" ind2=" ">
    <subfield code="a">Forma instrumentorum nouiter. Item taxa notariorum</subfield>
  </datafield>
  <datafield tag="210" ind1=" " ind2=" ">
    <subfield code="a">\Collio</subfield>
    <subfield code="c">Giovanni Pietro Pezzoni!</subfield>
    <subfield code="e">Collibus Vallistrumpie</subfield>
    <subfield code="g">per Gabrielem de Fracazinis</subfield>
    <subfield code="h">1520 die iiij Ianuarij</subfield>
  </datafield>
  <datafield tag="215" ind1=" " ind2=" ">
    <subfield code="a">\52! c.</subfield>
    <subfield code="d">8ʻ</subfield>
  </datafield>
  <datafield tag="300" ind1=" " ind2=" ">
    <subfield code="a">Il nome dell&apos;autore si ricava da c. a2r</subfield>
  </datafield>
  <datafield tag="620" ind1=" " ind2=" ">
    <subfield code="a">IT</subfield>
    <subfield code="d">Collio</subfield>
  </datafield>
  <datafield tag="700" ind1=" " ind2="1">
    <subfield code="a">Buzio,</subfield>
    <subfield code="b">Martino</subfield>
    <subfield code="3">IT\ICCU\CNCA\002154</subfield>
  </datafield>
  <datafield tag="712" ind1="0" ind2="0">
    <subfield code="a">Pezzoni, Giovanni Pietro</subfield>
    <subfield code="3">IT\ICCU\CNCT\000687</subfield>
    <subfield code="4">650</subfield>
  </datafield>
  <datafield tag="712" ind1="0" ind2="0">
    <subfield code="a">Fracassini, Gabriele</subfield>
    <subfield code="3">IT\ICCU\CNCT\000689</subfield>
    <subfield code="4">650</subfield>
  </datafield>
  <datafield tag="790" ind1=" " ind2="1">
    <subfield code="a">Butiis,</subfield>
    <subfield code="b">Martinus de</subfield>
    <subfield code="3">IT\ICCU\CNCA\012935</subfield>
    <subfield code="z">Buzio, Martino</subfield>
  </datafield>
  <datafield tag="791" ind1="0" ind2="0">
    <subfield code="a">Pezonus, Ioannes Petrus</subfield>
    <subfield code="3">IT\ICCU\CNCT\002507</subfield>
    <subfield code="z">Pezzoni, Giovanni Pietro</subfield>
  </datafield>
  <datafield tag="791" ind1="0" ind2="0">
    <subfield code="a">Pezoni, Giovanni Pietro</subfield>
    <subfield code="3">IT\ICCU\CNCT\005415</subfield>
    <subfield code="z">Pezzoni, Giovanni Pietro</subfield>
  </datafield>
  <datafield tag="791" ind1="0" ind2="0">
    <subfield code="a">Fracai̇nis, Gabriel de</subfield>
    <subfield code="3">IT\ICCU\CNCT\005687</subfield>
    <subfield code="z">Fracassini, Gabriele</subfield>
  </datafield>
  <datafield tag="801" ind1=" " ind2="3">
    <subfield code="a">IT</subfield>
    <subfield code="b">ICCU</subfield>
    <subfield code="c">20201115</subfield>
  </datafield>
  <datafield tag="899" ind1=" " ind2=" ">
    <subfield code="a">Biblioteca civica Queriniana. Brescia</subfield>
    <subfield code="1">BS0026</subfield>
    <subfield code="2">ZBS 01</subfield>
  </datafield>
  <datafield tag="921" ind1=" " ind2=" ">
    <subfield code="a">IT\ICCU\CNCM\000841</subfield>
    <subfield code="b">Aquila ad ali spiegate con gli artigli sul globo. Tra le zampe un nastro con le iniziali: Z P</subfield>
    <subfield code="c">Z114</subfield>
    <subfield code="d">Dimensioni: 4,8 x 5,6</subfield>
    <subfield code="f">AQUILA</subfield>
    <subfield code="f">GLOBO</subfield>
    <subfield code="f">ZP</subfield>
    <subfield code="g">1508-1520</subfield>
  </datafield>
</record>
</collection>
